@ARTICLE{2018arXiv181204051M,
       author = {{Margutti}, R. and {Cowperthwaite}, P. and {Doctor}, Z. and {Mortensen},
        K. and {Pankow}, C.~P. and {Salafia}, O. and {Villar}, V.~A. and
        {Alexander}, K. and {Annis}, J. and {Andreoni}, I. and
        {Baldeschi}, A. and {Balmaverde}, B. and {Berger}, E. and
        {Bernardini}, M.~G. and {Berry}, C.~P.~L. and {Bianco}, F. and
        {Blanchard}, P.~K. and {Brocato}, E. and {Carnerero}, M.~I. and
        {Cartier}, R. and {Cenko}, S.~B. and {Chornock}, R. and
        {Chomiuk}, L. and {Copperwheat}, C.~M. and {Coughlin}, M.~W. and
        {Coppejans}, D.~L. and {Corsi}, A. and {D'Ammando}, F. and
        {Datrier}, L. and {D'Avanzo}, P. and {Dimitriadis}, G. and
        {Drout}, M.~R. and {Foley}, R.~J. and {Fong}, W. and {Fox}, O.
        and {Ghirlanda}, G. and {Goldstein}, D. and {Grindlay}, J. and
        {Guidorzi}, C. and {Haiman}, Z. and {Hendry}, M. and {Holz}, D.
        and {Hung}, T. and {Inserra}, C. and {Jones}, D.~O. and
        {Kalogera}, V. and {Kilpatrick}, C.~D. and {Lamb}, G. and
        {Laskar}, T. and {Levan}, A. and {Mason}, E. and {Maguire}, K.
        and {Melandri}, A. and {Milisavljevic}, D. and {Miller}, A. and
        {Narayan}, G. and {Nielsen}, E. and {Nicholl}, M. and
        {Nissanke}, S. and {Nugent}, P. and {Pan}, Y. -C. and {Pasham},
        D. and {Paterson}, K. and {Piranomonte}, S. and {Racusin}, J.
        and {Rest}, A. and {Righi}, C. and {Sand}, D. and {Seaman}, R.
        and {Scolnic}, D. and {Siellez}, K. and {Singer}, L. and
        {Szkody}, P. and {Smith}, M. and {Steeghs}, D. and {Sullivan},
        M. and {Tanvir}, N. and {Terreran}, G. and {Trimble}, V. and
        {Valenti}, S. and {LSST Transient}, with the support of the and
        {Variable Stars Collaboration}},
        title = "{Target of Opportunity Observations of Gravitational Wave Events with
        LSST}",
      journal = {arXiv e-prints},
     keywords = {Astrophysics - High Energy Astrophysical Phenomena},
         year = 2018,
        month = Dec,
          eid = {arXiv:1812.04051},
        pages = {arXiv:1812.04051},
archivePrefix = {arXiv},
       eprint = {1812.04051},
 primaryClass = {astro-ph.HE},
       adsurl = {https://ui.adsabs.harvard.edu/\#abs/2018arXiv181204051M},
      adsnote = {Provided by the SAO/NASA Astrophysics Data System}
}

@article{LIGOScientific:2018mvr,
      author      = "{LIGO-Virgo Collaboration}",
      title          = "{GWTC-1: A Gravitational-Wave Transient Catalog of
                        Compact Binary Mergers Observed by LIGO and Virgo during
                        the First and Second Observing Runs}",
      collaboration  = "LIGO Scientific, Virgo",
      year           = "2018",
      eprint         = "1811.12907",
      archivePrefix  = "arXiv",
      primaryClass   = "astro-ph.HE",
      reportNumber   = "LIGO-P1800307",
      SLACcitation   = "%%CITATION = ARXIV:1811.12907;%%"
}

@ARTICLE{2011MNRAS.412.1441L,
   author = {{Li}, W. and {Leaman}, J. and {Chornock}, R. and {Filippenko}, A.~V. and 
  {Poznanski}, D. and {Ganeshalingam}, M. and {Wang}, X. and {Modjaz}, M. and 
  {Jha}, S. and {Foley}, R.~J. and {Smith}, N.},
    title = "{Nearby supernova rates from the Lick Observatory Supernova Search - II. The observed luminosity functions and fractions of supernovae in a complete sample}",
  journal = {\mnras},
archivePrefix = "arXiv",
   eprint = {1006.4612},
 primaryClass = "astro-ph.SR",
     year = 2011,
    month = apr,
   volume = 412,
    pages = {1441-1472},
      doi = {10.1111/j.1365-2966.2011.18160.x},
   adsurl = {http://adsabs.harvard.edu/abs/2011MNRAS.412.1441L},
  adsnote = {Provided by the SAO/NASA Astrophysics Data System}
}



@incollection{Colpi_Sesana,
      author         = "Colpi, Monica and Sesana, Alberto",
      title          = "{Gravitational Wave Sources in the Era of Multi-Band
                        Gravitational Wave Astronomy}",
      editor         = "Auger, Gerard and Plagnol, Eric",
      booktitle      = "An Overview of Gravitational Waves: Theory, Sources and
                        Detection",
      year           = "2017",
      url            = "https://inspirehep.net/record/1492489/files/arXiv:1610.05309.pdf",
      pages          = "43-140",
      doi            = "10.1142/9789813141766_0002",
      eprint         = "1610.05309",
      archivePrefix  = "arXiv",
      primaryClass   = "astro-ph.HE",
      SLACcitation   = "%%CITATION = ARXIV:1610.05309;%%"
}

@ARTICLE{2010ApJ...713.1026D,
   author = {{Dilday}, B. and {Smith}, M. and {Bassett}, B. and {Becker}, A. and 
  {Bender}, R. and {Castander}, F. and {Cinabro}, D. and {Filippenko}, A.~V. and 
  {Frieman}, J.~A. and {Galbany}, L. and {Garnavich}, P.~M. and 
  {Goobar}, A. and {Hopp}, U. and {Ihara}, Y. and {Jha}, S.~W. and 
  {Kessler}, R. and {Lampeitl}, H. and {Marriner}, J. and {Miquel}, R. and 
  {Moll{\'a}}, M. and {Nichol}, R.~C. and {Nordin}, J. and {Riess}, A.~G. and 
  {Sako}, M. and {Schneider}, D.~P. and {Sollerman}, J. and {Wheeler}, J.~C. and 
  {{\"O}stman}, L. and {Bizyaev}, D. and {Brewington}, H. and 
  {Malanushenko}, E. and {Malanushenko}, V. and {Oravetz}, D. and 
  {Pan}, K. and {Simmons}, A. and {Snedden}, S.},
    title = "{Measurements of the Rate of Type Ia Supernovae at Redshift lsim0.3 from the Sloan Digital Sky Survey II Supernova Survey}",
  journal = {\apj},
archivePrefix = "arXiv",
   eprint = {1001.4995},
 primaryClass = "astro-ph.CO",
 keywords = {supernovae: general},
     year = 2010,
    month = apr,
   volume = 713,
    pages = {1026-1036},
      doi = {10.1088/0004-637X/713/2/1026},
   adsurl = {http://adsabs.harvard.edu/abs/2010ApJ...713.1026D},
  adsnote = {Provided by the SAO/NASA Astrophysics Data System}
}



@article{Yu:2017zgi,
      author         = "Yu, Hang and others",
      title          = "{Prospects for detecting gravitational waves at 5 Hz with
                        ground-based detectors}",
      journal        = "Phys. Rev. Lett.",
      volume         = "120",
      year           = "2018",
      number         = "14",
      pages          = "141102",
      doi            = "10.1103/PhysRevLett.120.141102",
      eprint         = "1712.05417",
      archivePrefix  = "arXiv",
      primaryClass   = "astro-ph.IM",
      SLACcitation   = "%%CITATION = ARXIV:1712.05417;%%"
}

@article{Mills:2017urp,
      author         = "Mills, Cameron and Tiwari, Vaibhav and Fairhurst,
                        Stephen",
      title          = "{Localization of binary neutron star mergers with second
                        and third generation gravitational-wave detectors}",
      journal        = "Phys. Rev.",
      volume         = "D97",
      year           = "2018",
      number         = "10",
      pages          = "104064",
      doi            = "10.1103/PhysRevD.97.104064",
      eprint         = "1708.00806",
      archivePrefix  = "arXiv",
      primaryClass   = "gr-qc",
      SLACcitation   = "%%CITATION = ARXIV:1708.00806;%%"
}

@article{Evans:2016mbw,
      author         = "Abbott, Benjamin P. and others",
      title          = "{Exploring the Sensitivity of Next Generation
                        Gravitational Wave Detectors}",
      collaboration  = "LIGO Scientific",
      journal        = "Class. Quant. Grav.",
      volume         = "34",
      year           = "2017",
      number         = "4",
      pages          = "044001",
      doi            = "10.1088/1361-6382/aa51f4",
      eprint         = "1607.08697",
      archivePrefix  = "arXiv",
      primaryClass   = "astro-ph.IM",
      reportNumber   = "LIGO-P1600143",
      SLACcitation   = "%%CITATION = ARXIV:1607.08697;%%"
}

@article{Unnikrishnan:2013qwa,
      author         = "Unnikrishnan, C. S.",
      title          = "{IndIGO and LIGO-India: Scope and plans for gravitational
                        wave research and precision metrology in India}",
      journal        = "Int. J. Mod. Phys.",
      volume         = "D22",
      year           = "2013",
      pages          = "1341010",
      doi            = "10.1142/S0218271813410101",
      eprint         = "1510.06059",
      archivePrefix  = "arXiv",
      primaryClass   = "physics.ins-det",
      SLACcitation   = "%%CITATION = ARXIV:1510.06059;%%"
}

@article{GW_IFO_LRR,
  author = {Pitkin, Matthew and Reid, Stuart and Rowan, Sheila and Hough, James},
  year = {2011},
  month = {02},
  pages = {},
  title = {Gravitational Wave Detection by Interferometry (Ground and Space)},
  volume = {14},
  booktitle = {Living Reviews in Relativity}
}

@online{LIGO_Voy,
      author         = "Berger, B. and others",
      title = "{What Comes Next for LIGO? 2016 LIGO-DAWN Workshop II}",
      year           = "2016",
      howpublished = {\url{https://wiki.ligo.org/pub/LSC/LIGOworkshop2016/WebHome/Dawn-II-Report-SecondDraft-v2.pdf}}
}


@inproceedings{Akutsu:2017thy,
      author         = "Akutsu, T. and Cadonati, L. and Cavagli\'{a}, M. and Gonzalez, G. and Lazzarini, A. and Reitze, D.",
      title          = "{The status of KAGRA underground cryogenic gravitational
                        wave telescope}",
      booktitle      = "{15th International Conference on Topics in Astroparticle
                        and Underground Physics (TAUP 2017) Sudbury, Ontario,
                        Canada, July 24-28, 2017}",
      collaboration  = "KAGRA",
      url            = "https://inspirehep.net/record/1630606/files/arXiv:1710.04823.pdf",
      year           = "2017",
      eprint         = "1710.04823",
      archivePrefix  = "arXiv",
      primaryClass   = "gr-qc",
      reportNumber   = "JGW-P1707191",
      SLACcitation   = "%%CITATION = ARXIV:1710.04823;%%"
}

@article{KAGRA2,
      author         = "Akutsu, T. and others",
      title          = "{Construction of KAGRA: an Underground Gravitational Wave
                        Observatory}",
      collaboration  = "KAGRA",
      journal        = "PTEP",
      volume         = "2018",
      year           = "2018",
      number         = "1",
      pages          = "013F01",
      doi            = "10.1093/ptep/ptx180",
      eprint         = "1712.00148",
      archivePrefix  = "arXiv",
      primaryClass   = "gr-qc",
      SLACcitation   = "%%CITATION = ARXIV:1712.00148;%%"
}

@online{KAGRA,
  title = "{KAGRA website}",
  howpublished = {\url{http://gwcenter.icrr.u-tokyo.ac.jp/en/}}
}

@article{Zhao:2017cbb,
      author         = "Zhao, Wen and Wen, Linqing",
      title          = "{Localization accuracy of compact binary coalescences
                        detected by the third-generation gravitational-wave
                        detectors and implication for cosmology}",
      journal        = "Phys. Rev.",
      volume         = "D97",
      year           = "2018",
      number         = "6",
      pages          = "064031",
      doi            = "10.1103/PhysRevD.97.064031",
      eprint         = "1710.05325",
      archivePrefix  = "arXiv",
      primaryClass   = "astro-ph.CO",
      SLACcitation   = "%%CITATION = ARXIV:1710.05325;%%"
}

@article{Hogg:1999ad,
      author         = "Hogg, David W.",
      title          = "{Distance measures in cosmology}",
      year           = "1999",
      eprint         = "astro-ph/9905116",
      archivePrefix  = "arXiv",
      primaryClass   = "astro-ph",
      SLACcitation   = "%%CITATION = ASTRO-PH/9905116;%%"
}

@article{Planck2015,
      author         = "Adam, R. and others",
      title          = "{Planck 2015 results. I. Overview of products and
                        scientific results}",
      collaboration  = "Planck",
      journal        = "Astron. Astrophys.",
      volume         = "594",
      year           = "2016",
      pages          = "A1",
      doi            = "10.1051/0004-6361/201527101",
      eprint         = "1502.01582",
      archivePrefix  = "arXiv",
      primaryClass   = "astro-ph.CO",
      SLACcitation   = "%%CITATION = ARXIV:1502.01582;%%"
}


@article{Marronetti:2003hx,
      author         = "Marronetti, Pedro and Duez, Matthew D. and Shapiro,
                        Stuart L. and Baumgarte, Thomas W.",
      title          = "{Dynamical determination of the innermost stable circular
                        orbit of binary neutron stars}",
      journal        = "Phys. Rev. Lett.",
      volume         = "92",
      year           = "2004",
      pages          = "141101",
      doi            = "10.1103/PhysRevLett.92.141101",
      eprint         = "gr-qc/0312036",
      archivePrefix  = "arXiv",
      primaryClass   = "gr-qc",
      SLACcitation   = "%%CITATION = GR-QC/0312036;%%"
}

@article{Hild:2009ns,
      author         = "Hild, Stefan and Chelkowski, Simon and Freise, Andreas
                        and Franc, Janyce and Morgado, Nazario and Flaminio,
                        Raffaele and DeSalvo, Riccardo",
      title          = "{A Xylophone Configuration for a third Generation
                        Gravitational Wave Detector}",
      journal        = "Class. Quant. Grav.",
      volume         = "27",
      year           = "2010",
      pages          = "015003",
      doi            = "10.1088/0264-9381/27/1/015003",
      eprint         = "0906.2655",
      archivePrefix  = "arXiv",
      primaryClass   = "gr-qc",
      SLACcitation   = "%%CITATION = ARXIV:0906.2655;%%"
}


@ARTICLE{FirstGW,
   author = {{Abbott}, B.~P. and {Abbott}, R. and {Abbott}, T.~D. and {Abernathy}, M.~R. and 
  {Acernese}, F. and {Ackley}, K. and {Adams}, C. and {Adams}, T. and 
  {Addesso}, P. and {Adhikari}, R.~X. and et al.},
    title = "{Observation of Gravitational Waves from a Binary Black Hole Merger}",
  journal = {Physical Review Letters},
archivePrefix = "arXiv",
   eprint = {1602.03837},
 primaryClass = "gr-qc",
     year = 2016,
    month = feb,
   volume = 116,
   number = 6,
      eid = {061102},
    pages = {061102},
      doi = {10.1103/PhysRevLett.116.061102},
   adsurl = {http://adsabs.harvard.edu/abs/2016PhRvL.116f1102A},
  adsnote = {Provided by the SAO/NASA Astrophysics Data System}
}






@ARTICLE{FirstGW_astro,
   author = {{Abbott}, B.~P. and {Abbott}, R. and {Abbott}, T.~D. and {Abernathy}, M.~R. and 
  {Acernese}, F. and {Ackley}, K. and {Adams}, C. and {Adams}, T. and 
  {Addesso}, P. and {Adhikari}, R.~X. and et al.},
    title = "{Astrophysical Implications of the Binary Black-hole Merger GW150914}",
  journal = {\apjl},
archivePrefix = "arXiv",
   eprint = {1602.03846},
 primaryClass = "astro-ph.HE",
 keywords = {gravitational waves, stars: black holes, stars: massive},
     year = 2016,
    month = feb,
   volume = 818,
      eid = {L22},
    pages = {L22},
      doi = {10.3847/2041-8205/818/2/L22},
   adsurl = {http://adsabs.harvard.edu/abs/2016ApJ...818L..22A},
  adsnote = {Provided by the SAO/NASA Astrophysics Data System}
}


@ARTICLE{FirstGW_EM,
   author = {{Abbott}, B.~P. and {Abbott}, R. and {Abbott}, T.~D. and {Abernathy}, M.~R. and 
  {Acernese}, F. and {Ackley}, K. and {Adams}, C. and {Adams}, T. and 
  {Addesso}, P. and {Adhikari}, R.~X. and et al.},
    title = "{Localization and Broadband Follow-up of the Gravitational-wave Transient GW150914}",
  journal = {\apjl},
archivePrefix = "arXiv",
   eprint = {1602.08492},
 primaryClass = "astro-ph.HE",
 keywords = {gravitational waves, methods: observational},
     year = 2016,
    month = jul,
   volume = 826,
      eid = {L13},
    pages = {L13},
      doi = {10.3847/2041-8205/826/1/L13},
   adsurl = {http://adsabs.harvard.edu/abs/2016ApJ...826L..13A},
  adsnote = {Provided by the SAO/NASA Astrophysics Data System}
}




@ARTICLE{Belc16,
   author = {{Belczynski}, K. and {Holz}, D.~E. and {Bulik}, T. and {O'Shaughnessy}, R.
  },
    title = "{The first gravitational-wave source from the isolated evolution of two stars in the 40-100 solar mass range}",
  journal = {\nat},
archivePrefix = "arXiv",
   eprint = {1602.04531},
 primaryClass = "astro-ph.HE",
     year = 2016,
    month = jun,
   volume = 534,
    pages = {512-515},
      doi = {10.1038/nature18322},
   adsurl = {http://adsabs.harvard.edu/abs/2016Natur.534..512B},
  adsnote = {Provided by the SAO/NASA Astrophysics Data System}
}




@ARTICLE{GW170817_GRB,
   author = {{Abbott}, B.~P. and {Abbott}, R. and {Abbott}, T.~D. and {Acernese}, F. and 
  {Ackley}, K. and {Adams}, C. and {Adams}, T. and {Addesso}, P. and 
  {Adhikari}, R.~X. and {Adya}, V.~B. and et al.},
    title = "{Gravitational Waves and Gamma-Rays from a Binary Neutron Star Merger: GW170817 and GRB 170817A}",
  journal = {\apjl},
archivePrefix = "arXiv",
   eprint = {1710.05834},
 primaryClass = "astro-ph.HE",
 keywords = {binaries: close, gamma-ray burst: general, gravitational waves},
     year = 2017,
    month = oct,
   volume = 848,
      eid = {L13},
    pages = {L13},
      doi = {10.3847/2041-8213/aa920c},
   adsurl = {http://adsabs.harvard.edu/abs/2017ApJ...848L..13A},
  adsnote = {Provided by the SAO/NASA Astrophysics Data System}
}


@ARTICLE{GW170817,
   author = {{Abbott}, B.~P. and {Abbott}, R. and {Abbott}, T.~D. and {Acernese}, F. and 
  {Ackley}, K. and {Adams}, C. and {Adams}, T. and {Addesso}, P. and 
  {Adhikari}, R.~X. and {Adya}, V.~B. and et al.},
    title = "{GW170817: Observation of Gravitational Waves from a Binary Neutron Star Inspiral}",
  journal = {Physical Review Letters},
archivePrefix = "arXiv",
   eprint = {1710.05832},
 primaryClass = "gr-qc",
     year = 2017,
    month = oct,
   volume = 119,
   number = 16,
      eid = {161101},
    pages = {161101},
      doi = {10.1103/PhysRevLett.119.161101},
   adsurl = {http://adsabs.harvard.edu/abs/2017PhRvL.119p1101A},
  adsnote = {Provided by the SAO/NASA Astrophysics Data System}
}


@ARTICLE{GW170817_EM,
   author = {{Abbott}, B.~P. and {Abbott}, R. and {Abbott}, T.~D. and {Acernese}, F. and 
  {Ackley}, K. and {Adams}, C. and {Adams}, T. and {Addesso}, P. and 
  {Adhikari}, R.~X. and {Adya}, V.~B. and et al.},
    title = "{Multi-messenger Observations of a Binary Neutron Star Merger}",
  journal = {\apjl},
archivePrefix = "arXiv",
   eprint = {1710.05833},
 primaryClass = "astro-ph.HE",
 keywords = {gravitational waves, stars: neutron },
     year = 2017,
    month = oct,
   volume = 848,
      eid = {L12},
    pages = {L12},
      doi = {10.3847/2041-8213/aa91c9},
   adsurl = {http://adsabs.harvard.edu/abs/2017ApJ...848L..12A},
  adsnote = {Provided by the SAO/NASA Astrophysics Data System}
}


@ARTICLE{Smar17,
   author = {{Smartt}, S.~J. and {Chen}, T.-W. and {Jerkstrand}, A. and {Coughlin}, M. and 
  {Kankare}, E. and {Sim}, S.~A. and {Fraser}, M. and {Inserra}, C. and 
  {Maguire}, K. and {Chambers}, K.~C. and {Huber}, M.~E. and {Kr{\"u}hler}, T. and 
  {Leloudas}, G. and {Magee}, M. and {Shingles}, L.~J. and {Smith}, K.~W. and 
  {Young}, D.~R. and {Tonry}, J. and {Kotak}, R. and {Gal-Yam}, A. and 
  {Lyman}, J.~D. and {Homan}, D.~S. and {Agliozzo}, C. and {Anderson}, J.~P. and 
  {Angus}, C.~R. and {Ashall}, C. and {Barbarino}, C. and {Bauer}, F.~E. and 
  {Berton}, M. and {Botticella}, M.~T. and {Bulla}, M. and {Bulger}, J. and 
  {Cannizzaro}, G. and {Cano}, Z. and {Cartier}, R. and {Cikota}, A. and 
  {Clark}, P. and {De Cia}, A. and {Della Valle}, M. and {Denneau}, L. and 
  {Dennefeld}, M. and {Dessart}, L. and {Dimitriadis}, G. and 
  {Elias-Rosa}, N. and {Firth}, R.~E. and {Flewelling}, H. and 
  {Fl{\"o}rs}, A. and {Franckowiak}, A. and {Frohmaier}, C. and 
  {Galbany}, L. and {Gonz{\'a}lez-Gait{\'a}n}, S. and {Greiner}, J. and 
  {Gromadzki}, M. and {Guelbenzu}, A.~N. and {Guti{\'e}rrez}, C.~P. and 
  {Hamanowicz}, A. and {Hanlon}, L. and {Harmanen}, J. and {Heintz}, K.~E. and 
  {Heinze}, A. and {Hernandez}, M.-S. and {Hodgkin}, S.~T. and 
  {Hook}, I.~M. and {Izzo}, L. and {James}, P.~A. and {Jonker}, P.~G. and 
  {Kerzendorf}, W.~E. and {Klose}, S. and {Kostrzewa-Rutkowska}, Z. and 
  {Kowalski}, M. and {Kromer}, M. and {Kuncarayakti}, H. and {Lawrence}, A. and 
  {Lowe}, T.~B. and {Magnier}, E.~A. and {Manulis}, I. and {Martin-Carrillo}, A. and 
  {Mattila}, S. and {McBrien}, O. and {M{\"u}ller}, A. and {Nordin}, J. and 
  {O'Neill}, D. and {Onori}, F. and {Palmerio}, J.~T. and {Pastorello}, A. and 
  {Patat}, F. and {Pignata}, G. and {Podsiadlowski}, P. and {Pumo}, M.~L. and 
  {Prentice}, S.~J. and {Rau}, A. and {Razza}, A. and {Rest}, A. and 
  {Reynolds}, T. and {Roy}, R. and {Ruiter}, A.~J. and {Rybicki}, K.~A. and 
  {Salmon}, L. and {Schady}, P. and {Schultz}, A.~S.~B. and {Schweyer}, T. and 
  {Seitenzahl}, I.~R. and {Smith}, M. and {Sollerman}, J. and 
  {Stalder}, B. and {Stubbs}, C.~W. and {Sullivan}, M. and {Szegedi}, H. and 
  {Taddia}, F. and {Taubenberger}, S. and {Terreran}, G. and {van Soelen}, B. and 
  {Vos}, J. and {Wainscoat}, R.~J. and {Walton}, N.~A. and {Waters}, C. and 
  {Weiland}, H. and {Willman}, M. and {Wiseman}, P. and {Wright}, D.~E. and 
  {Wyrzykowski}, {\L}. and {Yaron}, O.},
    title = "{A kilonova as the electromagnetic counterpart to a gravitational-wave source}",
  journal = {\nat},
archivePrefix = "arXiv",
   eprint = {1710.05841},
 primaryClass = "astro-ph.HE",
     year = 2017,
    month = nov,
   volume = 551,
    pages = {75-79},
      doi = {10.1038/nature24303},
   adsurl = {http://adsabs.harvard.edu/abs/2017Natur.551...75S},
  adsnote = {Provided by the SAO/NASA Astrophysics Data System}
}


@ARTICLE{Pian17,
   author = {{Pian}, E. and {D'Avanzo}, P. and {Benetti}, S. and {Branchesi}, M. and 
  {Brocato}, E. and {Campana}, S. and {Cappellaro}, E. and {Covino}, S. and 
  {D'Elia}, V. and {Fynbo}, J.~P.~U. and {Getman}, F. and {Ghirlanda}, G. and 
  {Ghisellini}, G. and {Grado}, A. and {Greco}, G. and {Hjorth}, J. and 
  {Kouveliotou}, C. and {Levan}, A. and {Limatola}, L. and {Malesani}, D. and 
  {Mazzali}, P.~A. and {Melandri}, A. and {M{\o}ller}, P. and 
  {Nicastro}, L. and {Palazzi}, E. and {Piranomonte}, S. and {Rossi}, A. and 
  {Salafia}, O.~S. and {Selsing}, J. and {Stratta}, G. and {Tanaka}, M. and 
  {Tanvir}, N.~R. and {Tomasella}, L. and {Watson}, D. and {Yang}, S. and 
  {Amati}, L. and {Antonelli}, L.~A. and {Ascenzi}, S. and {Bernardini}, M.~G. and 
  {Bo{\"e}r}, M. and {Bufano}, F. and {Bulgarelli}, A. and {Capaccioli}, M. and 
  {Casella}, P. and {Castro-Tirado}, A.~J. and {Chassande-Mottin}, E. and 
  {Ciolfi}, R. and {Copperwheat}, C.~M. and {Dadina}, M. and {De Cesare}, G. and 
  {di Paola}, A. and {Fan}, Y.~Z. and {Gendre}, B. and {Giuffrida}, G. and 
  {Giunta}, A. and {Hunt}, L.~K. and {Israel}, G.~L. and {Jin}, Z.-P. and 
  {Kasliwal}, M.~M. and {Klose}, S. and {Lisi}, M. and {Longo}, F. and 
  {Maiorano}, E. and {Mapelli}, M. and {Masetti}, N. and {Nava}, L. and 
  {Patricelli}, B. and {Perley}, D. and {Pescalli}, A. and {Piran}, T. and 
  {Possenti}, A. and {Pulone}, L. and {Razzano}, M. and {Salvaterra}, R. and 
  {Schipani}, P. and {Spera}, M. and {Stamerra}, A. and {Stella}, L. and 
  {Tagliaferri}, G. and {Testa}, V. and {Troja}, E. and {Turatto}, M. and 
  {Vergani}, S.~D. and {Vergani}, D.},
    title = "{Spectroscopic identification of r-process nucleosynthesis in a double neutron-star merger}",
  journal = {\nat},
archivePrefix = "arXiv",
   eprint = {1710.05858},
 primaryClass = "astro-ph.HE",
     year = 2017,
    month = nov,
   volume = 551,
    pages = {67-70},
      doi = {10.1038/nature24298},
   adsurl = {http://adsabs.harvard.edu/abs/2017Natur.551...67P},
  adsnote = {Provided by the SAO/NASA Astrophysics Data System}
}


@ARTICLE{Arca17,
   author = {{Arcavi}, I. and {Hosseinzadeh}, G. and {Howell}, D.~A. and 
  {McCully}, C. and {Poznanski}, D. and {Kasen}, D. and {Barnes}, J. and 
  {Zaltzman}, M. and {Vasylyev}, S. and {Maoz}, D. and {Valenti}, S.
  },
    title = "{Optical emission from a kilonova following a gravitational-wave-detected neutron-star merger}",
  journal = {\nat},
archivePrefix = "arXiv",
   eprint = {1710.05843},
 primaryClass = "astro-ph.HE",
     year = 2017,
    month = nov,
   volume = 551,
    pages = {64-66},
      doi = {10.1038/nature24291},
   adsurl = {http://adsabs.harvard.edu/abs/2017Natur.551...64A},
  adsnote = {Provided by the SAO/NASA Astrophysics Data System}
}

@article {Kilp17,
   author = {{Kilpatrick}, C.~D. and {Foley}, R.~J. and {Kasen}, D. and {Murguia-Berthier}, A. and 
  {Ramirez-Ruiz}, E. and {Coulter}, D.~A. and {Drout}, M.~R. and 
  {Piro}, A.~L. and {Shappee}, B.~J. and {Boutsia}, K. and {Contreras}, C. and 
  {Di Mille}, F. and {Madore}, B.~F. and {Morrell}, N. and {Pan}, Y.-C. and 
  {Prochaska}, J.~X. and {Rest}, A. and {Rojas-Bravo}, C. and 
  {Siebert}, M.~R. and {Simon}, J.~D. and {Ulloa}, N.},
    title = "{Electromagnetic evidence that SSS17a is the result of a binary neutron star merger}",
  journal = {Science},
archivePrefix = "arXiv",
   eprint = {1710.05434},
 primaryClass = "astro-ph.HE",
     year = 2017,
    month = dec,
   volume = 358,
    pages = {1583-1587},
      doi = {10.1126/science.aaq0073},
   adsurl = {http://adsabs.harvard.edu/abs/2017Sci...358.1583K},
  adsnote = {Provided by the SAO/NASA Astrophysics Data System}
}



@article {Coul17,
   author = {{Coulter}, D.~A. and {Foley}, R.~J. and {Kilpatrick}, C.~D. and 
  {Drout}, M.~R. and {Piro}, A.~L. and {Shappee}, B.~J. and {Siebert}, M.~R. and 
  {Simon}, J.~D. and {Ulloa}, N. and {Kasen}, D. and {Madore}, B.~F. and 
  {Murguia-Berthier}, A. and {Pan}, Y.-C. and {Prochaska}, J.~X. and 
  {Ramirez-Ruiz}, E. and {Rest}, A. and {Rojas-Bravo}, C.},
    title = "{Swope Supernova Survey 2017a (SSS17a), the optical counterpart to a gravitational wave source}",
  journal = {Science},
archivePrefix = "arXiv",
   eprint = {1710.05452},
 primaryClass = "astro-ph.HE",
     year = 2017,
    month = dec,
   volume = 358,
    pages = {1556-1558},
      doi = {10.1126/science.aap9811},
   adsurl = {http://adsabs.harvard.edu/abs/2017Sci...358.1556C},
  adsnote = {Provided by the SAO/NASA Astrophysics Data System}
}


@ARTICLE{Smar16,
   author = {{Smartt}, S.~J. and {Chambers}, K.~C. and {Smith}, K.~W. and 
  {Huber}, M.~E. and {Young}, D.~R. and {Chen}, T.-W. and {Inserra}, C. and 
  {Wright}, D.~E. and {Coughlin}, M. and {Denneau}, L. and {Flewelling}, H. and 
  {Heinze}, A. and {Jerkstrand}, A. and {Magnier}, E.~A. and {Maguire}, K. and 
  {Mueller}, B. and {Rest}, A. and {Sherstyuk}, A. and {Stalder}, B. and 
  {Schultz}, A.~S.~B. and {Stubbs}, C.~W. and {Tonry}, J. and 
  {Waters}, C. and {Wainscoat}, R.~J. and {Della Valle}, M. and 
  {Dennefeld}, M. and {Dimitriadis}, G. and {Firth}, R.~E. and 
  {Fraser}, M. and {Frohmaier}, C. and {Gal-Yam}, A. and {Harmanen}, J. and 
  {Kankare}, E. and {Kotak}, R. and {Kromer}, M. and {Mandel}, I. and 
  {Sollerman}, J. and {Gibson}, B. and {Primak}, N. and {Willman}, M.
  },
    title = "{A Search for an Optical Counterpart to the Gravitational-wave Event GW151226}",
  journal = {\apjl},
archivePrefix = "arXiv",
   eprint = {1606.04795},
 primaryClass = "astro-ph.HE",
 keywords = {gravitational waves, supernovae: general, surveys},
     year = 2016,
    month = aug,
   volume = 827,
      eid = {L40},
    pages = {L40},
      doi = {10.3847/2041-8205/827/2/L40},
   adsurl = {http://adsabs.harvard.edu/abs/2016ApJ...827L..40S},
  adsnote = {Provided by the SAO/NASA Astrophysics Data System}
}


@techreport{ET_doc,
     title = {{Einstein gravitational wave Telescope Conceptual Design Study}},
     author = {Abernathy, M.~ and Acernese,F.~ and Ajith, P.~ and Allen,B.~ and Amaro-Seoane, P.~ and Andersson, N.~
and Aoudia, S.~ and Astone,P.~ and Krishnan, B.~ and Barack, L.~ and et al.},
     group = {EU},
     year = {2011},
     institution = {European Commission},
     month = {06},
     Date-Added = {2011-06-28},
     Date-Modified = {2011-06-28}
}

@article{Sathyaprakash:2012jk,
      author         = "Sathyaprakash, B. and others",
      title          = "{Scientific Objectives of Einstein Telescope}",
      booktitle      = "{Gravitational waves. Numerical relativity - data
                        analysis. Proceedings, 9th Edoardo Amaldi Conference,
                        Amaldi 9, and meeting, NRDA 2011, Cardiff, UK, July 10-15,
                        2011}",
      journal        = "Class. Quant. Grav.",
      volume         = "29",
      year           = "2012",
      pages          = "124013",
      doi            = "10.1088/0264-9381/29/12/124013,
                        10.1088/0264-9381/30/7/079501",
      note           = "[Erratum: Class. Quant. Grav.30,079501(2013)]",
      eprint         = "1206.0331",
      archivePrefix  = "arXiv",
      primaryClass   = "gr-qc",
      SLACcitation   = "%%CITATION = ARXIV:1206.0331;%%"
}

@article{Wen:2005ui,
      author         = "Wen, Linqing and Schutz, Bernard F",
      title          = "{Coherent network detection of gravitational waves: The
                        Redundancy veto}",
      booktitle      = "{Gravitational wave data analysis. Proceedings, 9th
                        Workshop, GWDAW 2004, Annecy, France, December 15-18,
                        2004}",
      journal        = "Class. Quant. Grav.",
      volume         = "22",
      year           = "2005",
      pages          = "S1321-S1336",
      doi            = "10.1088/0264-9381/22/18/S46",
      eprint         = "gr-qc/0508042",
      archivePrefix  = "arXiv",
      primaryClass   = "gr-qc",
      SLACcitation   = "%%CITATION = GR-QC/0508042;%%"
}

@INPROCEEDINGS{GOTO,
   author = {{Dyer}, M.~J. and {Dhillon}, V.~S. and {Littlefair}, S. and 
  {Steeghs}, D. and {Ulaczyk}, K. and {Chote}, P. and {Galloway}, D. and 
  {Rol}, E.},
    title = "{A telescope control and scheduling system for the Gravitational-wave Optical Transient Observer (GOTO)}",
booktitle = {Society of Photo-Optical Instrumentation Engineers (SPIE) Conference Series},
     year = 2018,
   series = {Society of Photo-Optical Instrumentation Engineers (SPIE) Conference Series},
   volume = 10704,
archivePrefix = "arXiv",
   eprint = {1807.01614},
 primaryClass = "astro-ph.IM",
    month = jul,
      eid = {107040C},
    pages = {107040C},
      doi = {10.1117/12.2311865},
   adsurl = {http://adsabs.harvard.edu/abs/2018SPIE10704E..0CD},
  adsnote = {Provided by the SAO/NASA Astrophysics Data System}
}

@ARTICLE{LSSTbook,
   author = {{LSST Science Collaboration} and {Abell}, P.~A. and {Allison}, J. and 
  {Anderson}, S.~F. and {Andrew}, J.~R. and {Angel}, J.~R.~P. and 
  {Armus}, L. and {Arnett}, D. and {Asztalos}, S.~J. and {Axelrod}, T.~S. and et al.},
    title = "{LSST Science Book, Version 2.0}",
  journal = {ArXiv e-prints},
archivePrefix = "arXiv",
   eprint = {0912.0201},
 primaryClass = "astro-ph.IM",
 keywords = {Astrophysics - Instrumentation and Methods for Astrophysics, Astrophysics - Cosmology and Extragalactic Astrophysics, Astrophysics - Earth and Planetary Astrophysics, Astrophysics - Galaxy Astrophysics, Astrophysics - Solar and Stellar Astrophysics},
     year = 2009,
    month = dec,
   adsurl = {http://adsabs.harvard.edu/abs/2009arXiv0912.0201L},
  adsnote = {Provided by the SAO/NASA Astrophysics Data System}
}


@INPROCEEDINGS{ZTF,
   author = {{Bellm}, E.},
    title = "{The Zwicky Transient Facility}",
booktitle = {The Third Hot-wiring the Transient Universe Workshop},
     year = 2014,
archivePrefix = "arXiv",
   eprint = {1410.8185},
 primaryClass = "astro-ph.IM",
   editor = {{Wozniak}, P.~R. and {Graham}, M.~J. and {Mahabal}, A.~A. and 
  {Seaman}, R.},
    pages = {27-33},
   adsurl = {http://adsabs.harvard.edu/abs/2014htu..conf...27B},
  adsnote = {Provided by the SAO/NASA Astrophysics Data System}
}

@ARTICLE{ATLAS,
   author = {{Tonry}, J.~L.},
    title = "{An Early Warning System for Asteroid Impact}",
  journal = {\pasp},
archivePrefix = "arXiv",
   eprint = {1011.1028},
 primaryClass = "astro-ph.IM",
     year = 2011,
    month = jan,
   volume = 123,
    pages = {58},
      doi = {10.1086/657997},
   adsurl = {http://adsabs.harvard.edu/abs/2011PASP..123...58T},
  adsnote = {Provided by the SAO/NASA Astrophysics Data System}
}


@INPROCEEDINGS{BlackGEM,
   author = {{Bloemen}, S. and {Groot}, P. and {Woudt}, P. and {Klein Wolt}, M. and 
  {McBride}, V. and {Nelemans}, G. and {K{\"o}rding}, E. and {Pretorius}, M.~L. and 
  {Roelfsema}, R. and {Bettonvil}, F. and {Balster}, H. and {Bakker}, R. and 
  {Dolron}, P. and {van Elteren}, A. and {Elswijk}, E. and {Engels}, A. and 
  {Fender}, R. and {Fokker}, M. and {de Haan}, M. and {Hagoort}, K. and 
  {de Hoog}, J. and {ter Horst}, R. and {van der Kevie}, G. and 
  {Koz{\l}owski}, S. and {Kragt}, J. and {Lech}, G. and {Le Poole}, R. and 
  {Lesman}, D. and {Morren}, J. and {Navarro}, R. and {Paalberends}, W.-J. and 
  {Paterson}, K. and {Paw{\l}aszek}, R. and {Pessemier}, W. and 
  {Raskin}, G. and {Rutten}, H. and {Scheers}, B. and {Schuil}, M. and 
  {Sybilski}, P.~W.},
    title = "{MeerLICHT and BlackGEM: custom-built telescopes to detect faint optical transients}",
booktitle = {Ground-based and Airborne Telescopes VI},
     year = 2016,
   series = {\procspie},
   volume = 9906,
    month = jul,
      eid = {990664},
    pages = {990664},
      doi = {10.1117/12.2232522},
   adsurl = {http://adsabs.harvard.edu/abs/2016SPIE.9906E..64B},
  adsnote = {Provided by the SAO/NASA Astrophysics Data System}
}

@ARTICLE{Drak14,
   author = {{Drake}, A.~J. and {G{\"a}nsicke}, B.~T. and {Djorgovski}, S.~G. and 
  {Wils}, P. and {Mahabal}, A.~A. and {Graham}, M.~J. and {Yang}, T.-C. and 
  {Williams}, R. and {Catelan}, M. and {Prieto}, J.~L. and {Donalek}, C. and 
  {Larson}, S. and {Christensen}, E.},
    title = "{Cataclysmic variables from the Catalina Real-time Transient Survey}",
  journal = {\mnras},
archivePrefix = "arXiv",
   eprint = {1404.3732},
 primaryClass = "astro-ph.SR",
 keywords = {stars: distances, stars: dwarf novae, novae, cataclysmic variables, galaxies: stellar content},
     year = 2014,
    month = jun,
   volume = 441,
    pages = {1186-1200},
      doi = {10.1093/mnras/stu639},
   adsurl = {http://adsabs.harvard.edu/abs/2014MNRAS.441.1186D},
  adsnote = {Provided by the SAO/NASA Astrophysics Data System}
}


@article{Akcay18,
author = {Akcay, Sarp},
title = {Forecasting Gamma-Ray Bursts Using Gravitational Waves},
journal = {Annalen der Physik},
year = 2018,
volume = {0},
number = {0},
pages = {1800365},
keywords = {binary neutron stars, Einstein Telescope, gravitational waves},
doi = {10.1002/andp.201800365},
url = {https://onlinelibrary.wiley.com/doi/abs/10.1002/andp.201800365},
eprint = {https://onlinelibrary.wiley.com/doi/pdf/10.1002/andp.201800365},
}



@article{Blanchet_LRR,
      author         = "Blanchet, Luc",
      title          = "{Gravitational Radiation from Post-Newtonian Sources and
                        Inspiralling Compact Binaries}",
      journal        = "Living Rev. Rel.",
      volume         = "17",
      year           = "2014",
      pages          = "2",
      doi            = "10.12942/lrr-2014-2",
      eprint         = "1310.1528",
      archivePrefix  = "arXiv",
      primaryClass   = "gr-qc",
      SLACcitation   = "%%CITATION = ARXIV:1310.1528;%%"
}

@article{SchutzLRR,
      author         = "Sathyaprakash, B. S. and Schutz, B. F.",
      title          = "{Physics, Astrophysics and Cosmology with Gravitational
                        Waves}",
      journal        = "Living Rev. Rel.",
      volume         = "12",
      year           = "2009",
      pages          = "2",
      doi            = "10.12942/lrr-2009-2",
      eprint         = "0903.0338",
      archivePrefix  = "arXiv",
      primaryClass   = "gr-qc",
      SLACcitation   = "%%CITATION = ARXIV:0903.0338;%%"
}

@book{Maggiore,
  title={Gravitational Waves: Volume 1: Theory and Experiments},
  author={Maggiore, M.},
  isbn={9780198570745},
  lccn={2008270556},
  series={Gravitational Waves},
  url={https://books.google.ie/books?id=AqVpQgAACAAJ},
  year={2008},
  publisher={OUP Oxford}
}


@ARTICLE{GWH0,
   author = {{Abbott}, B.~P. and {Abbott}, R. and {Abbott}, T.~D. and {Acernese}, F. and 
  {Ackley}, K. and {Adams}, C. and {Adams}, T. and {Addesso}, P. and 
  {Adhikari}, R.~X. and {Adya}, V.~B. and et al.},
    title = "{A gravitational-wave standard siren measurement of the Hubble constant}",
  journal = {\nat},
archivePrefix = "arXiv",
   eprint = {1710.05835},
     year = 2017,
    month = nov,
   volume = 551,
    pages = {85-88},
      doi = {10.1038/nature24471},
   adsurl = {http://adsabs.harvard.edu/abs/2017Natur.551...85A},
  adsnote = {Provided by the SAO/NASA Astrophysics Data System}
}



@ARTICLE{Bern16,
   author = {{Bernal}, J.~L. and {Verde}, L. and {Riess}, A.~G.},
    title = "{The trouble with H$_{0}$}",
  journal = {\jcap},
archivePrefix = "arXiv",
   eprint = {1607.05617},
     year = 2016,
    month = oct,
   volume = 10,
      eid = {019},
    pages = {019},
      doi = {10.1088/1475-7516/2016/10/019},
   adsurl = {http://adsabs.harvard.edu/abs/2016JCAP...10..019B},
  adsnote = {Provided by the SAO/NASA Astrophysics Data System}
}


@ARTICLE{2018ApJ...857..128J,
   author = {{Jin}, Z.-P. and {Li}, X. and {Wang}, H. and {Wang}, Y.-Z. and 
  {He}, H.-N. and {Yuan}, Q. and {Zhang}, F.-W. and {Zou}, Y.-C. and 
  {Fan}, Y.-Z. and {Wei}, D.-M.},
    title = "{Short GRBs: Opening Angles, Local Neutron Star Merger Rate, and Off-axis Events for GRB/GW Association}",
  journal = {\apj},
archivePrefix = "arXiv",
   eprint = {1708.07008},
 primaryClass = "astro-ph.HE",
 keywords = {binaries: close, gamma-ray burst: individual: GRB 150424A, GRB 160821B, gravitational waves},
     year = 2018,
    month = apr,
   volume = 857,
      eid = {128},
    pages = {128},
      doi = {10.3847/1538-4357/aab76d},
   adsurl = {http://adsabs.harvard.edu/abs/2018ApJ...857..128J},
  adsnote = {Provided by the SAO/NASA Astrophysics Data System}
}

% These are all followup strategey papers


@ARTICLE{2016ApJ...820..136G,
   author = {{Gehrels}, N. and {Cannizzo}, J.~K. and {Kanner}, J. and {Kasliwal}, M.~M. and 
  {Nissanke}, S. and {Singer}, L.~P.},
    title = "{Galaxy Strategy for LIGO-Virgo Gravitational Wave Counterpart Searches}",
  journal = {\apj},
archivePrefix = "arXiv",
   eprint = {1508.03608},
 primaryClass = "astro-ph.HE",
 keywords = {galaxies: statistics, gamma-ray burst: general, gravitational waves, X-rays: general},
     year = 2016,
    month = apr,
   volume = 820,
      eid = {136},
    pages = {136},
      doi = {10.3847/0004-637X/820/2/136},
   adsurl = {http://adsabs.harvard.edu/abs/2016ApJ...820..136G},
  adsnote = {Provided by the SAO/NASA Astrophysics Data System}
}


@ARTICLE{2011MNRAS.415L..26C,
   author = {{Coward}, D.~M. and {Gendre}, B. and {Sutton}, P.~J. and {Howell}, E.~J. and 
  {Regimbau}, T. and {Laas-Bourez}, M. and {Klotz}, A. and {Bo{\"e}r}, M. and 
  {Branchesi}, M.},
    title = "{Towards an optimal search strategy of optical and gravitational wave emissions from binary neutron star coalescence}",
  journal = {\mnras},
archivePrefix = "arXiv",
   eprint = {1104.5552},
 primaryClass = "astro-ph.HE",
 keywords = {gravitational waves, techniques: miscellaneous, gamma-ray burst: individual, stars: neutron},
     year = 2011,
    month = jul,
   volume = 415,
    pages = {L26-L30},
      doi = {10.1111/j.1745-3933.2011.01072.x},
   adsurl = {http://adsabs.harvard.edu/abs/2011MNRAS.415L..26C},
  adsnote = {Provided by the SAO/NASA Astrophysics Data System}
}


@ARTICLE{2016A&A...592A..82G,
   author = {{Ghosh}, S. and {Bloemen}, S. and {Nelemans}, G. and {Groot}, P.~J. and 
  {Price}, L.~R.},
    title = "{Tiling strategies for optical follow-up of gravitational-wave triggers by telescopes with a wide field of view}",
  journal = {\aap},
archivePrefix = "arXiv",
   eprint = {1511.02673},
 primaryClass = "astro-ph.IM",
 keywords = {gravitational waves, telescopes, methods: data analysis},
     year = 2016,
    month = aug,
   volume = 592,
      eid = {A82},
    pages = {A82},
      doi = {10.1051/0004-6361/201527712},
   adsurl = {http://adsabs.harvard.edu/abs/2016A%26A...592A..82G},
  adsnote = {Provided by the SAO/NASA Astrophysics Data System}
}



@ARTICLE{2017ApJ...834...84C,
   author = {{Chan}, M.~L. and {Hu}, Y.-M. and {Messenger}, C. and {Hendry}, M. and 
  {Heng}, I.~S.},
    title = "{Maximizing the Detection Probability of Kilonovae Associated with Gravitational Wave Observations}",
  journal = {\apj},
archivePrefix = "arXiv",
   eprint = {1506.04035},
 primaryClass = "astro-ph.HE",
 keywords = {gravitational waves, methods: observational, stars: neutron},
     year = 2017,
    month = jan,
   volume = 834,
      eid = {84},
    pages = {84},
      doi = {10.3847/1538-4357/834/1/84},
   adsurl = {http://adsabs.harvard.edu/abs/2017ApJ...834...84C},
  adsnote = {Provided by the SAO/NASA Astrophysics Data System}
}


@ARTICLE{2014MNRAS.437..649S,
   author = {{Siellez}, K. and {Bo{\"e}r}, M. and {Gendre}, B.},
    title = "{Simultaneous event detection rates by electromagnetic and gravitational wave detectors in the advanced era of LIGO and Virgo}",
  journal = {\mnras},
archivePrefix = "arXiv",
   eprint = {1310.2106},
 primaryClass = "astro-ph.HE",
 keywords = {gravitational waves, gamma-ray burst: general, stars: neutron},
     year = 2014,
    month = jan,
   volume = 437,
    pages = {649-655},
      doi = {10.1093/mnras/stt1915},
   adsurl = {http://adsabs.harvard.edu/abs/2014MNRAS.437..649S},
  adsnote = {Provided by the SAO/NASA Astrophysics Data System}
}


@ARTICLE{2016MNRAS.462.1085A,
   author = {{Antolini}, E. and {Heyl}, J.~S.},
    title = "{Using the 2-MASS photometric redshift survey to optimize LIGO follow-up observations}",
  journal = {\mnras},
archivePrefix = "arXiv",
   eprint = {1602.07710},
 primaryClass = "astro-ph.HE",
 keywords = {methods: observational, galaxies: distances and redshifts},
     year = 2016,
    month = oct,
   volume = 462,
    pages = {1085-1091},
      doi = {10.1093/mnras/stw1720},
   adsurl = {http://adsabs.harvard.edu/abs/2016MNRAS.462.1085A},
  adsnote = {Provided by the SAO/NASA Astrophysics Data System}
}

@ARTICLE{2018AdSpR..62..191A,
   author = {{Amati}, L. and {O'Brien}, P. and {G{\"o}tz}, D. and {Bozzo}, E. and 
  {Tenzer}, C. and {Frontera}, F. and {Ghirlanda}, G. and {Labanti}, C. and 
  {Osborne}, J.~P. and {Stratta}, G. and {Tanvir}, N. and {Willingale}, R. and 
  {Attina}, P. and {Campana}, R. and {Castro-Tirado}, A.~J. and 
  {Contini}, C. and {Fuschino}, F. and {Gomboc}, A. and {Hudec}, R. and 
  {Orleanski}, P. and {Renotte}, E. and {Rodic}, T. and {Bagoly}, Z. and 
  {Blain}, A. and {Callanan}, P. and {Covino}, S. and {Ferrara}, A. and 
  {Le Floch}, E. and {Marisaldi}, M. and {Mereghetti}, S. and 
  {Rosati}, P. and {Vacchi}, A. and {D'Avanzo}, P. and {Giommi}, P. and 
  {Piranomonte}, S. and {Piro}, L. and {Reglero}, V. and {Rossi}, A. and 
  {Santangelo}, A. and {Salvaterra}, R. and {Tagliaferri}, G. and 
  {Vergani}, S. and {Vinciguerra}, S. and {Briggs}, M. and {Campolongo}, E. and 
  {Ciolfi}, R. and {Connaughton}, V. and {Cordier}, B. and {Morelli}, B. and 
  {Orlandini}, M. and {Adami}, C. and {Argan}, A. and {Atteia}, J.-L. and 
  {Auricchio}, N. and {Balazs}, L. and {Baldazzi}, G. and {Basa}, S. and 
  {Basak}, R. and {Bellutti}, P. and {Bernardini}, M.~G. and {Bertuccio}, G. and 
  {Braga}, J. and {Branchesi}, M. and {Brandt}, S. and {Brocato}, E. and 
  {Budtz-Jorgensen}, C. and {Bulgarelli}, A. and {Burderi}, L. and 
  {Camp}, J. and {Capozziello}, S. and {Caruana}, J. and {Casella}, P. and 
  {Cenko}, B. and {Chardonnet}, P. and {Ciardi}, B. and {Colafrancesco}, S. and 
  {Dainotti}, M.~G. and {D'Elia}, V. and {De Martino}, D. and 
  {De Pasquale}, M. and {Del Monte}, E. and {Della Valle}, M. and 
  {Drago}, A. and {Evangelista}, Y. and {Feroci}, M. and {Finelli}, F. and 
  {Fiorini}, M. and {Fynbo}, J. and {Gal-Yam}, A. and {Gendre}, B. and 
  {Ghisellini}, G. and {Grado}, A. and {Guidorzi}, C. and {Hafizi}, M. and 
  {Hanlon}, L. and {Hjorth}, J. and {Izzo}, L. and {Kiss}, L. and 
  {Kumar}, P. and {Kuvvetli}, I. and {Lavagna}, M. and {Li}, T. and 
  {Longo}, F. and {Lyutikov}, M. and {Maio}, U. and {Maiorano}, E. and 
  {Malcovati}, P. and {Malesani}, D. and {Margutti}, R. and {Martin-Carrillo}, A. and 
  {Masetti}, N. and {McBreen}, S. and {Mignani}, R. and {Morgante}, G. and 
  {Mundell}, C. and {Nargaard-Nielsen}, H.~U. and {Nicastro}, L. and 
  {Palazzi}, E. and {Paltani}, S. and {Panessa}, F. and {Pareschi}, G. and 
  {Pe'er}, A. and {Penacchioni}, A.~V. and {Pian}, E. and {Piedipalumbo}, E. and 
  {Piran}, T. and {Rauw}, G. and {Razzano}, M. and {Read}, A. and 
  {Rezzolla}, L. and {Romano}, P. and {Ruffini}, R. and {Savaglio}, S. and 
  {Sguera}, V. and {Schady}, P. and {Skidmore}, W. and {Song}, L. and 
  {Stanway}, E. and {Starling}, R. and {Topinka}, M. and {Troja}, E. and 
  {van Putten}, M. and {Vanzella}, E. and {Vercellone}, S. and 
  {Wilson-Hodge}, C. and {Yonetoku}, D. and {Zampa}, G. and {Zampa}, N. and 
  {Zhang}, B. and {Zhang}, B.~B. and {Zhang}, S. and {Zhang}, S.-N. and 
  {Antonelli}, A. and {Bianco}, F. and {Boci}, S. and {Boer}, M. and 
  {Botticella}, M.~T. and {Boulade}, O. and {Butler}, C. and {Campana}, S. and 
  {Capitanio}, F. and {Celotti}, A. and {Chen}, Y. and {Colpi}, M. and 
  {Comastri}, A. and {Cuby}, J.-G. and {Dadina}, M. and {De Luca}, A. and 
  {Dong}, Y.-W. and {Ettori}, S. and {Gandhi}, P. and {Geza}, E. and 
  {Greiner}, J. and {Guiriec}, S. and {Harms}, J. and {Hernanz}, M. and 
  {Hornstrup}, A. and {Hutchinson}, I. and {Israel}, G. and {Jonker}, P. and 
  {Kaneko}, Y. and {Kawai}, N. and {Wiersema}, K. and {Korpela}, S. and 
  {Lebrun}, V. and {Lu}, F. and {MacFadyen}, A. and {Malaguti}, G. and 
  {Maraschi}, L. and {Melandri}, A. and {Modjaz}, M. and {Morris}, D. and 
  {Omodei}, N. and {Paizis}, A. and {P{\'a}ta}, P. and {Petrosian}, V. and 
  {Rachevski}, A. and {Rhoads}, J. and {Ryde}, F. and {Sabau-Graziati}, L. and 
  {Shigehiro}, N. and {Sims}, M. and {Soomin}, J. and {Sz{\'e}csi}, D. and 
  {Urata}, Y. and {Uslenghi}, M. and {Valenziano}, L. and {Vianello}, G. and 
  {Vojtech}, S. and {Watson}, D. and {Zicha}, J.},
    title = "{The THESEUS space mission concept: science case, design and expected performances}",
  journal = {Advances in Space Research},
archivePrefix = "arXiv",
   eprint = {1710.04638},
 primaryClass = "astro-ph.IM",
 keywords = {Gamma-ray: bursts, Cosmology: observations, Dark ages, Re-ionization, First stars},
     year = 2018,
    month = jul,
   volume = 62,
    pages = {191-244},
      doi = {10.1016/j.asr.2018.03.010},
   adsurl = {http://adsabs.harvard.edu/abs/2018AdSpR..62..191A},
  adsnote = {Provided by the SAO/NASA Astrophysics Data System}
}
